@manual{ctan-metapost,
  title      = {The \texttt{metapost} package},
  subtitle   = {A development of Metafont for creating graphics},
  author     = {{The MetaPost Team} and John Hobby},
  date       = {2021-08-26},
  license    = {lgpl},
  url        = {https://ctan.org/pkg/metapost},
  annotation = {MetaPost uses a language based on that of
       to produce precise
      technical illustrations.  Its output is scalable PostScript or
      SVG, rather than the bitmaps Metafont creates.},
}

@manual{ctan-luamplib,
  title      = {The \texttt{luamplib} package},
  subtitle   = {Use LuaTeX’s built-in MetaPost interpreter},
  author     = {Hans Hagen and Taco Hoekwater and Élie Roux and Manuel Pégourié-Gonnard and Philipp Gesang and Dohyun Kim},
  date       = {2024-08-03},
  version    = {2.34.5},
  license    = {gpl2},
  mirror     = {https://mirror.ctan.org/macros/luatex/generic/luamplib},
  url        = {https://ctan.org/pkg/luamplib},
}

@manual{ctan-minim-mp,
  title      = {The \texttt{minim-mp} package},
  subtitle   = {Low-level mplib integration for LuaTeX},
  author     = {Esger Renkema},
  date       = {2024-04-06},
  version    = {2024/1.6},
  license    = {eupl},
  mirror     = {https://mirror.ctan.org/macros/luatex/generic/minim-mp},
  url        = {https://ctan.org/pkg/minim-mp},
}

@manual{ctan-latexmp,
  title      = {The \texttt{latexMP} package},
  subtitle   = {Interface for \LaTeX{}-based typesetting in MetaPost},
  author     = {Jens-Uwe Morawski},
  date       = {2020-06-21},
  version    = {1.2.1},
  license    = {pd},
  mirror     = {https://mirror.ctan.org/graphics/metapost/contrib/macros/latexmp},
  url        = {https://ctan.org/pkg/latexmp},
  annotation = {The MetaPost package latexMP implements a user-friendly
      interface to access \LaTeX{}-based typesetting capabilities in
      MetaPost.  The text to be typeset is given as string. This
      allows even dynamic text elements, for example counters, to be
      used in labels. Compared to other implementations it is much
      more flexible, since it can be used as direct replacement for
      , and much faster, compared for example to the
      solution provided by .},
}

@book{toeplitz,
 Author = {Rademacher, Hans and Toeplitz, Otto},
 Title = {The enjoyment of math. {Translated} from the {German}. {With} a new foreword by {Alex} {Kontorovich}},
 Edition = {Reprint},
 FSeries = {Princeton Science Library},
 Series = {Princeton Sci. Libr.},
 ISBN = {978-0-691-24154-8; 978-0-691-24153-1},
 Year = {2023},
 Publisher = {Princeton, NJ: Princeton University Press},
 Language = {English},
 DOI = {10.1515/9780691241531},
 Keywords = {00A08,01A75},
}

@manual{ctan-drawing-with-metapost,
  title      = {The \texttt{Drawing-with-Metapost} package},
  subtitle   = {How to draw technical diagrams with MetaPost},
  author     = {Toby Thurston},
  date       = {2023-04-16},
  version    = {},
  license    = {opl},
  mirror     = {https://mirror.ctan.org/info/drawing-with-metapost},
  url        = {https://ctan.org/pkg/drawing-with-metapost},
}